@Misc{Paessler,
	author = {Paessler AG},
	title = {IT Explained: Packet Sniffing},
	howpublished = {[online]},
	year = {rev. 2020},
	note = {[vid. 2020-04-25]},
	url = {https://www.paessler.com/it-explained/packet-sniffing},
}

@Misc{WikiPromiscuity,
	author = {Wikipedia},
	title = {Promiscuous mode},
	howpublished = {[online]},
	year = {rev. 23. listopad 2019},
	note = {[vid. 2020-04-25]},
	url = {https://en.wikipedia.org/wiki/Promiscuous_mode},
}

@Misc{Tcpdump,
	author = {Tim CARSTENS},
	title = {Programming with pcap},
	howpublished = {[online]},
	year = {rev. 25. říjen 2012},
	note = {[vid. 2020-04-25]},
	url = {https://www.tcpdump.org/pcap.html},
}

@Misc{Geeksniffer,
	author = {Himanshu ARORA},
	title = {How to Perform Packet Sniffing Using Libpcap with C Example Code},
	howpublished = {[online]},
	year = {2002},
	note = {[vid. 2020-04-25]},
	url = {https://www.thegeekstuff.com/2012/10/packet-sniffing-using-libpcap/},
}


@MASTERSTHESIS{Cerny2011,
    author = {Luk{\'{a}}{\v{s}} {\v{C}}ern{\'{y}}},
    title = {Konverze prezentac{\'{i}} mezi platformou LaTeX a
	Microsoft Power Point},
    school = {Vysok{\'{e}} u{\v{c}}en{\'{i}} technick{\'{e}} v Brn{\v{e}},
	Fakulta informa{\v{c}}n{\'{i}}ch technologi{\'{i}}},
    year = {2011},
    location = {Brno, CZ},
    language = {czech},
    url = {http://www.fit.vutbr.cz/study/DP/DP.php?id=5721}
}

@MASTERSTHESIS{Radek2009,
    author = {Radek Py{\v{s}}n{\'{y}}},
    type = {Bakal{\'{a}}{\v{r}}sk{\'{a}} pr{\'{a}}ce},
    title = {BiBTeX styl pro {\v{C}}SN ISO 690 a {\v{C}}SN ISO
	690-2},
    school = {Vysok{\'{e}} u{\v{c}}en{\'{i}} technick{\'{e}} v Brn{\v{e}},
	Fakulta informa{\v{c}}n{\'{i}}ch technologi{\'{i}}},
    year = {2009},
    location = {Brno, CZ},
    language = {czech},
    url = {http://www.fit.vutbr.cz/study/DP/BP.php?id=7848}
}

@InBook{Kopka2003,
	author = {Helmut. KOPKA and Patrick W. DALY},
	title = {Guide to LaTeX},
	chapter = {Introduction},
	publisher = {Addison-Wesley Professional},
	address = {Boston},
	year = {2003},
	pages = {624},
	edition = {4},
	ISBN = {03-2117-385-6},
}

@InBook{Rybicka2003,
	author = {Ji{\v{r}}{\'{i}} RYBI{\v{C}}KA},
	title = {LaTeX pro za{\v{c}}{\'{a}}te{\v{c}}n{\'{i}}ky},
	chapter = {Z{\'{a}}kladn{\'{i}} informace},
	publisher = {Konvoj},
	address = {Brno},
	year = {2003},
	pages = {238},
	edition = {3},
	ISBN = {80-7302-049-1},
}

@Misc{Hordejcuk2017,
	author = {Vojta HORDEJCUK},
	title = {Základy jazyka LaTeX},
	howpublished = {[online]},
	year = {rev. 9. leden 2017},
	note = {[vid. 2019-04-12]},
	url = {http://tinyurl.com/yy22m55c},
}

@Misc{Simecek2013,
	author = {Martin ŠIMEČEK},
	title = {LaTeX 1. -- Co to je a proč se ho chtít učit?},
	howpublished = {[online]},
	year = {rev. 21. srpen 2013},
	note = {[vid. 2019-04-12]},
	url = {http://programujte.com/clanek/2013080500},
}

@Misc{Davidek2019,
	author = {Kryštof DAVIDEK},
	title = {LaTeX -- Co, proč a jak},
	howpublished = {[online]},
	year = {rev. 1. leden 2019},
	note = {[vid. 2019-04-12]},
	url = {http://tinyurl.com/yxfkoqgc},
}

@Article{Wilson2012,
	author = {Peter WILSON},
	title = {Kolize balíčků},
	journal = {Zpravodaj Československého sdružení uživatelů TeXu},
	volume = {22},
	number = {4},
	pages = {194},
	year = {2012},
	ISSN = {1211-6661},
}

@Article{Cetin2008,
	author = {Ozcan OKSÜZ and Uğur GÜDÜKBAY and A. Enis ÇETIN},
	title = {A video-based text and equation editor for LaTeX},
	journal = {Engineering Applications of Artificial Intelligence},
	volume = {21},
	number = {6},
	pages = {952\,--\,960},
	year = {2008},
	ISSN = {0952-1976},
}

@Article{Castro2012,
	author = {Nohe R. CAZAREZ-CASTRO and Luis T. AGUILAR and Oscar CASTILLO},
	title = {Designing Type--1 and Type--2 Fuzzy Logic Controllers via Fuzzy Lyapunov Synthesis for
		nonsmooth mechanical systems},
	journal = {Engineering Applications of Artificial Intelligence},
	volume = {25},
	number = {5},
	pages = {974},
	year = {2012},
	ISSN = {0952-1976},
}